<record><leader>00000cas a22000007a 4500</leader><controlfield tag="001">19955529</controlfield><controlfield tag="008">890630d19071972couwr ne      0    0eng d</controlfield><datafield ind1=" " ind2=" " tag="010"><subfield code="a">sn 89052197 </subfield></datafield><datafield ind1=" " ind2=" " tag="040"><subfield code="a">CNQ</subfield><subfield code="b">eng</subfield><subfield code="c">CNQ</subfield><subfield code="d">OCLCQ</subfield></datafield><datafield ind1=" " ind2=" " tag="042"><subfield code="a">msc</subfield></datafield><datafield ind1="0" ind2="4" tag="245"><subfield code="a">The Julesburg grit-advocate.</subfield></datafield><datafield ind1="3" ind2="0" tag="246"><subfield code="a">Ovid news</subfield></datafield><datafield ind1="3" ind2="0" tag="246"><subfield code="a">Big Springs enterprise</subfield></datafield><datafield ind1="3" ind2="0" tag="246"><subfield code="a">Julesburg grit advocate and Big Springs enterprise</subfield></datafield><datafield ind1=" " ind2=" " tag="260"><subfield code="a">Julesburg, Colo. :</subfield><subfield code="b">Ed A. Fry</subfield></datafield><datafield ind1=" " ind2=" " tag="300"><subfield code="a">v.</subfield></datafield><datafield ind1=" " ind2=" " tag="310"><subfield code="a">Weekly</subfield></datafield><datafield ind1="0" ind2=" " tag="362"><subfield code="a">Vol. 9, no. 1 (Nov. 8, 1907)-v. 14, no. 8 (Feb. 23, 1972).</subfield></datafield><datafield ind1=" " ind2=" " tag="500"><subfield code="a">Ovid news appears inside The Julesburg grit-advocate Feb. 18, 1910-Sept. 8, 1910.</subfield></datafield><datafield ind1=" " ind2=" " tag="500"><subfield code="a">Big Springs enterprise (Big Springs, Neb.) appears inside The Julesburg grit-advocate June 5, 1963-Feb. 23, 1972.</subfield></datafield><datafield ind1=" " ind2=" " tag="530"><subfield code="a">Available on microfilm from the Colorado Historical Society.</subfield></datafield><datafield ind1=" " ind2=" " tag="752"><subfield code="a">United States</subfield><subfield code="b">Colorado</subfield><subfield code="c">Sedgwick</subfield><subfield code="d">Julesburg.</subfield></datafield><datafield ind1=" " ind2=" " tag="752"><subfield code="a">United States</subfield><subfield code="b">Nebraska</subfield><subfield code="c">Deuel</subfield><subfield code="d">Big Springs.</subfield></datafield><datafield ind1="0" ind2="0" tag="780"><subfield code="t">Grit-advocate</subfield><subfield code="w">(DLC)sn 89052194</subfield></datafield><datafield ind1="0" ind2="0" tag="785"><subfield code="t">Julesburg advocate</subfield><subfield code="w">(DLC)sn 89052195</subfield></datafield></record>